@Misc{cite1,
  key    = "web:cite1",
  author = "{Sochman J. ; Matas J.}",
  title =  "{WaldBoost - learning for time constrained sequential detection }",
  note   = "\\ \url{http://ieeexplore.ieee.org/xpl/articleDetails.jsp?tp=&arnumber=1467435}, 2005",
}

@Misc{cite2,
  key    = "web:cite2",
  author = "{Zemcik, P. ; Juranek, R. ; Musil, P. ; Musil, M. ; Hradis, M.}",
  title =  "{High performance architecture for object detection in streamed videos}",
  note   = "\\ \url{http://ieeexplore.ieee.org/xpl/articleDetails.jsp?tp=&arnumber=6645559}, 2013",
}

@Misc{cite3,
  key    = "web:cite3",
  author = "{Herout, A. ; Josth, R. ; Juranek, R. ; Havel, J. ; Hradis, M. ; Zemc√≠k, P.}",
  title =  "{Real-time object detection on CUDA}",
  note   = "\\ \url{http://link.springer.com/article/10.1007\%2Fs11554-010-0179-0}, 2011",
}

@Misc{cite4,
  key    = "web:cite4",
  author = "{Grabner, H. ; Sochman, J. ; Bischof, H. ; Matas, J.}",
  title =  "{Training sequential on-line boosting classifier for visual tracking}",
  note   = "\\ \url{http://ieeexplore.ieee.org/xpl/login.jsp?tp=&arnumber=4761678}, 2008",
}



